<?xml version="1.0" encoding="UTF-8"?><collection xmlns="http://www.loc.gov/MARC21/slim"><record><leader>00298nam--2200121-i-4500</leader><controlfield tag="001">000038574</controlfield><controlfield tag="002">20161230</controlfield><controlfield tag="005">20161230201041</controlfield><controlfield tag="008">060222s1000------------r-----000-0-eng-d</controlfield><datafield ind1=" " ind2=" " tag="080"><subfield code="a">621.5:621.316.7</subfield></datafield><datafield ind1=" " ind2=" " tag="245"><subfield code="a">Regelungstechnik</subfield></datafield><datafield ind1=" " ind2=" " tag="260"><subfield code="a">Dusseldorf, Vdi,Verlag, 1956. Iv+282 P.Cu Fig</subfield></datafield><datafield ind1=" " ind2=" " tag="852"><subfield code="a">12152</subfield></datafield></record></collection>